// -----------------------------------------------------------------------------
//
//	CHAPTER 1 INTRODUCTION
//
// -----------------------------------------------------------------------------

@book{turban2005decision,
	title={Decision Support Systems and Intelligent Systems},
	author={Turban, E. and Aronson, J.E. and Liang, T.P.},
	isbn={9780131230132},
	lccn={2004000997},
	url={https://books.google.ie/books?id=m0R5QgAACAAJ},
	year={2005},
	publisher={Prentice-Hall International}
}

@inproceedings{longo2012argumentation,
	title={Argumentation theory in health care},
	author={Longo, Luca and Kane, Bridget and Hederman, Lucy},
	booktitle={Computer-Based Medical Systems (CBMS), 2012 25th International Symposium on},
	pages={1--6},
	year={2012},
	organization={IEEE}
}

@article{murthy1998automatic,
	title={Automatic construction of decision trees from data: A multi-disciplinary survey},
	author={Murthy, Sreerama K},
	journal={Data mining and knowledge discovery},
	volume={2},
	number={4},
	pages={345--389},
	year={1998},
	publisher={Kluwer Academic Publishers}
}

@misc{kotsiantis2007supervised,
	title={Supervised machine learning: A review of classification techniques},
	author={Kotsiantis, Sotiris B and Zaharakis, I and Pintelas, P},
	year={2007}
}

@article{pollock1987defeasible,
  title={Defeasible reasoning},
  author={Pollock, John L},
  journal={Cognitive science},
  volume={11},
  number={4},
  pages={481--518},
  year={1987},
  publisher={Wiley Online Library}
}

@article{dung1995acceptability,
  title={On the acceptability of arguments and its fundamental role in nonmonotonic reasoning, logic programming and n-person games},
  author={Dung, Phan Minh},
  journal={Artificial intelligence},
  volume={77},
  number={2},
  pages={321--357},
  year={1995},
  publisher={Elsevier}
}

@inproceedings{vreeswijk2006algorithm,
  title={An algorithm to compute minimally grounded and admissible defence sets in argument systems},
  author={Vreeswijk, Gerard AW},
  booktitle={COMMA},
  pages={109--120},
  year={2006}
}

@article{zadeh1965fuzzy,
  title={Fuzzy sets},
  author={Zadeh, Lotfi A},
  journal={Information and control},
  volume={8},
  number={3},
  pages={338--353},
  year={1965},
  publisher={Elsevier}
}

@article{2011-d3,
  title = {D3: Data-Driven Documents},
  author = {Michael Bostock AND Vadim Ogievetsky AND Jeffrey Heer},
  journal = {IEEE Trans. Visualization \& Comp. Graphics (Proc. InfoVis)},
  year = {2011},
  url = {http://vis.stanford.edu/papers/d3}
}

@article{karacapilidis2001computer,
  title={Computer supported argumentation and collaborative decision making: the HERMES system},
  author={Karacapilidis, Nikos and Papadias, Dimitris},
  journal={Information systems},
  volume={26},
  number={4},
  pages={259--277},
  year={2001},
  publisher={Elsevier}
}

@article{twardy2004argument,
  title={Argument maps improve critical thinking},
  author={Twardy, Charles},
  journal={Teaching Philosophy},
  volume={27},
  number={2},
  pages={95--116},
  year={2004}
}

@inproceedings{matt2010combining,
  title={Combining statistics and arguments to compute trust},
  author={Matt, Paul-Amaury and Morge, Maxime and Toni, Francesca},
  booktitle={Proceedings of the 9th International Conference on Autonomous Agents and Multiagent Systems: volume 1-Volume 1},
  pages={209--216},
  year={2010},
  organization={International Foundation for Autonomous Agents and Multiagent Systems}
}

@book{witten2005data,
  title={Data Mining: Practical machine learning tools and techniques},
  author={Witten, Ian H and Frank, Eibe},
  year={2005},
  publisher={Morgan Kaufmann}
}